@online{NewAAMCReport,
  title = {New {{AAMC Report Shows Continuing Projected Physician Shortage}}},
  url = {https://www.aamc.org/news/press-releases/new-aamc-report-shows-continuing-projected-physician-shortage},
  urldate = {2024-11-12},
  abstract = {The AAMC released the 2024 physician workforce projections report.},
  langid = {english},
  organization = {AAMC},
  file = {C:\Users\dalew\Zotero\storage\FGFZUQQ3\new-aamc-report-shows-continuing-projected-physician-shortage.html}
}

@online{PatientExperiencePerspectives,
  title = {The {{Patient Experience}} - {{Perspectives}} on {{Today}}'s {{Healthcare}}},
  url = {https://www.aapa.org/research/patient-experience/},
  urldate = {2024-11-12},
  abstract = {The Harris Poll recently conducted a public opinion survey, commissioned by AAPA, to understand patient experiences and identify how PAs can improve access to care and overall patient outcomes.},
  langid = {american},
  organization = {AAPA},
  file = {C:\Users\dalew\Zotero\storage\6MNW3DSW\patient-experience.html}
}
