@online{23andmeDNAGeneticTesting,
  title = {{{DNA Genetic Testing For Health}}, {{Ancestry And More}} - {{23andMe}}},
  author = {23andMe},
  url = {https://www.23andme.com/},
  urldate = {2024-10-17},
  abstract = {23andMe offers DNA testing with the most comprehensive ancestry breakdown, personalized health insights and more.},
  langid = {american},
  file = {C:\Users\dalew\Zotero\storage\38ZE6D7L\www.23andme.com.html}
}

@article{23andMeFacesBankruptcy2024,
  entrysubtype = {newspaper},
  title = {As {{23andMe}} Faces Bankruptcy, Your Genetic Data Could Be Sold to Highest Bidder},
  date = {2024-10-16},
  journaltitle = {ABC News},
  url = {https://www.abc.net.au/news/science/2024-10-17/23andme-genetic-data-privacy-bankrupt-dna-test-ancestry/104455816},
  urldate = {2024-10-18},
  abstract = {In what now seems like an act of reckless naivety, I bought my brother a 23andMe at-home DNA-test birthday present. Now the struggling company may sell its treasure trove of genetic data.},
  langid = {australian},
  keywords = {23andMe,ancestry,at-home dna testing,delete 23andMe data,direct-to-consumer dna testing,dna test},
  file = {C:\Users\dalew\Zotero\storage\PH6WPPHG\104455816.html}
}

@online{HumanGenomeProject,
  title = {The {{Human Genome Project}}},
  url = {https://www.genome.gov/human-genome-project},
  urldate = {2024-10-17},
  abstract = {The Human Genome Project was an inward voyage of discovery led by an international team of researchers looking to sequence and map all the genes of our species.},
  langid = {english},
  file = {C:\Users\dalew\Zotero\storage\WVMM6VWD\human-genome-project.html}
}

@online{philadelphiaCaseStudyPrecision,
  title = {Case {{Study}}: {{Precision Medicine}} for {{Infantile Fibrosarcoma}} | {{Children}}'s {{Hospital}} of {{Philadelphia}}},
  shorttitle = {Case {{Study}}},
  author = {family=Philadelphia, given=The Children's Hospital, prefix=of, useprefix=false},
  url = {https://www.chop.edu/news/case-study-precision-medicine-infantile-fibrosarcoma},
  urldate = {2024-10-17},
  abstract = {Levy traveled from Brazil and participated in a clinical trial for an oral drug that targets an NTRK gene fusion that drives cancer-cell growth.},
  langid = {english}
}

@online{PolygenicRiskScores,
  title = {Polygenic {{Risk Scores}}},
  url = {https://www.genome.gov/Health/Genomics-and-Medicine/Polygenic-risk-scores},
  urldate = {2024-10-17},
  abstract = {A polygenic risk score is one way by which people can learn what their risk of developing a disease is, based on the total number of genomics variants related to the disease.},
  langid = {english},
  file = {C:\Users\dalew\Zotero\storage\A4XA4Y5V\Polygenic-risk-scores.html}
}

@article{rossCaseStudyPrecision2021,
  title = {Case {{Study}}: {{A Precision Medicine Approach}} to {{Multifactorial Dementia}} and {{Alzheimer}}’s {{Disease}}},
  shorttitle = {Case {{Study}}},
  author = {Ross, Mary Kay and Raji, Cyrus and Lokken, Kristine L. and Bredesen, Dale E. and Roach, Jared C. and Funk, Cory C. and Price, Nathan and Rappaport, Noa and Hood, Leroy and Heath, James R.},
  date = {2021-08-25},
  journaltitle = {Journal of Alzheimer's disease \& Parkinsonism},
  volume = {11},
  eprint = {35237464},
  eprinttype = {pmid},
  pages = {018},
  url = {https://pmc.ncbi.nlm.nih.gov/articles/PMC8887953/},
  urldate = {2024-10-17},
  abstract = {We report a case of a patient with mixed dementia successfully treated with a personalized multimodal therapy. Monotherapeutics are inadequate for the treatment of Alzheimer’s disease (AD) and mixed dementia; therefore, we approach treatment through ...},
  issue = {Suppl 5},
  langid = {english},
  file = {C:\Users\dalew\Zotero\storage\B54K79T8\Ross et al. - 2021 - Case Study A Precision Medicine Approach to Multi.pdf}
}
