@online{BetterBibTeXZotero,
  title = {Better {{BibTeX}} for {{Zotero}}},
  url = {https://retorque.re/zotero-better-bibtex/index.html},
  urldate = {2025-02-17},
  abstract = {Make Zotero more useful for us LaTeX holdouts},
  langid = {english},
  organization = {Better BibTeX for Zotero},
  file = {C:\Users\dalew\Zotero\storage\IEHKD38R\zotero-better-bibtex.html}
}
